<?xml version="1.0" encoding="UTF-8"?><collection xmlns="http://www.loc.gov/MARC21/slim"><record><leader>00392nam--2200145-i-4500</leader><controlfield tag="001">000020989</controlfield><controlfield tag="002">20161230</controlfield><controlfield tag="005">20170127173923</controlfield><controlfield tag="008">060222s1000------------r-----000-0-eng-d</controlfield><datafield ind1=" " ind2=" " tag="080"><subfield code="a">061.62(498):001.891:621.375.326</subfield></datafield><datafield ind1=" " ind2=" " tag="245"><subfield code="a">Progress report 1993-1994 department of lasers</subfield></datafield><datafield ind1=" " ind2=" " tag="260"><subfield code="a">Institute Of Atomic Physics</subfield><subfield code="c">1994</subfield></datafield><datafield ind1=" " ind2=" " tag="300"><subfield code="a">100 p</subfield></datafield><datafield ind1=" " ind2=" " tag="852"><subfield code="a">80292</subfield></datafield><datafield ind1=" " ind2=" " tag="CAT"><subfield code="a">SYS</subfield><subfield code="c">20170127</subfield><subfield code="h">173923</subfield></datafield></record></collection>